<record><leader>00000cas a22000007a 4500</leader><controlfield tag="001">24561889</controlfield><controlfield tag="008">911015d188318uuohuwr ne      0    0eng d</controlfield><datafield ind1=" " ind2=" " tag="010"><subfield code="a">sn 91069895 </subfield></datafield><datafield ind1=" " ind2=" " tag="040"><subfield code="a">ONP</subfield><subfield code="b">eng</subfield><subfield code="c">ONP</subfield><subfield code="d">OCLCQ</subfield></datafield><datafield ind1=" " ind2=" " tag="042"><subfield code="a">msc</subfield></datafield><datafield ind1="0" ind2=" " tag="130"><subfield code="a">Smithfield times (Smithfield, Ohio)</subfield></datafield><datafield ind1="1" ind2="0" tag="245"><subfield code="a">Smithfield times.</subfield></datafield><datafield ind1=" " ind2=" " tag="260"><subfield code="a">Smithfield, Jeff. [Jefferson] Co., O. [Ohio] :</subfield><subfield code="b">R.M. Temple</subfield></datafield><datafield ind1=" " ind2=" " tag="300"><subfield code="a">v.</subfield></datafield><datafield ind1=" " ind2=" " tag="310"><subfield code="a">Weekly</subfield></datafield><datafield ind1="1" ind2=" " tag="362"><subfield code="a">Began in 1881.</subfield></datafield><datafield ind1=" " ind2=" " tag="588"><subfield code="a">Description based on: Vol. 3, no. 12 (May 30, 1883).</subfield></datafield><datafield ind1=" " ind2=" " tag="752"><subfield code="a">United States</subfield><subfield code="b">Ohio</subfield><subfield code="c">Jefferson</subfield><subfield code="d">Smithfield.</subfield></datafield></record>